<record><leader>00000cas a22000007a 4500</leader><controlfield tag="001">20438129</controlfield><controlfield tag="008">891004d19891991inuwr ne      0   a0eng d</controlfield><datafield ind1=" " ind2=" " tag="010"><subfield code="a">sn 89099036 </subfield></datafield><datafield ind1=" " ind2=" " tag="040"><subfield code="a">NPI</subfield><subfield code="b">eng</subfield><subfield code="c">NPI</subfield><subfield code="d">NSD</subfield><subfield code="d">NPI</subfield><subfield code="d">OCLCQ</subfield></datafield><datafield ind1=" " ind2=" " tag="012"><subfield code="m">1</subfield></datafield><datafield ind1="1" ind2=" " tag="022"><subfield code="a">1053-2242</subfield><subfield code="l">1053-2242</subfield><subfield code="2">1</subfield></datafield><datafield ind1=" " ind2=" " tag="032"><subfield code="a">005597</subfield><subfield code="b">USPS</subfield></datafield><datafield ind1=" " ind2=" " tag="042"><subfield code="a">msc</subfield><subfield code="a">nsdp</subfield></datafield><datafield ind1=" " ind2="0" tag="222"><subfield code="a">Monticello sun</subfield></datafield><datafield ind1="0" ind2="0" tag="245"><subfield code="a">Monticello sun.</subfield></datafield><datafield ind1=" " ind2=" " tag="260"><subfield code="a">Monticello, IN :</subfield><subfield code="b">Elizabeth C. Griffey,</subfield><subfield code="c">1989-1991.</subfield></datafield><datafield ind1=" " ind2=" " tag="300"><subfield code="a">3 v. :</subfield><subfield code="b">ill. ;</subfield><subfield code="c">36 cm.</subfield></datafield><datafield ind1=" " ind2=" " tag="310"><subfield code="a">Weekly</subfield></datafield><datafield ind1="0" ind2=" " tag="362"><subfield code="a">Vol. 1, no. 1 (June 6, 1989)-v. 3, no. 7 (July 17, 1991).</subfield></datafield><datafield ind1=" " ind2=" " tag="752"><subfield code="a">United States</subfield><subfield code="b">Indiana</subfield><subfield code="c">White</subfield><subfield code="d">Monticello.</subfield></datafield><datafield ind1="0" ind2="7" tag="785"><subfield code="t">Journal (Delphi, Ind.)</subfield><subfield code="w">(DLC)sn 87055490</subfield></datafield><datafield ind1="0" ind2="7" tag="785"><subfield code="t">Sun-journal (Delphi, Ind.)</subfield><subfield code="w">(DLC)sn 91074108</subfield></datafield><datafield ind1="1" ind2=" " tag="029"><subfield code="a">AU@</subfield><subfield code="b">000040687047</subfield></datafield></record>